%%%%%%%%%%%%%%%%%%%%%%%%%%%%%%%%%%%%%%%%%%%
% books %
%%%%%%%%%%%%%%%%%%%%%%%%%%%%%%%%%%%%%%%%%%%
@book{pollak:scala,
  author     =          {D. Pollak},
  title      =          {Beginning Scala},
  publisher  =          {Apress},
  edition    =          {1},
  year       =          {2009},
}

@book{bla,
  author     =          {D. XX},
  title      =          {Beginning Scala},
  publisher  =          {Apress},
  edition    =          {1},
  year       =          {2009},
}


@book{wampler:scala,
  author     =          {Wampler, Dean and Payne, Alex },
  title      =          {Programming Scala: Scalability = Functional Programming + Objects},
  publisher  =          {O'Reilly Media},
  edition    =          {1},
  year       =          {2009},
}

@book{subramaniam:scala,
  author     =          {Subramaniam, Venkat},
  title      =          {Programming Scala: Tackle Multi-Core Complexity on the Java Virtual Machine},
  publisher  =          {The Pragmatic Programmers},
  edition    =          {1},
  year       =          {2009},
}

@book{syropoulos:steps,
  author     =          {Loverdos, Christos K.K. and Syropoulos, Apostolos},
  title      =          {Steps in Scala},
  publisher  =          {Cambridge University Press},
  edition    =          {1},
  year       =          {2010},
}

@book{kirsten:scala,
  author     =          {Kriesten, Jan},
  title      =          {Praxisbuch Scala: Programmieren in Scala für Ein- und Umsteiger},
  publisher  =          {Cambridge University Press},
  edition    =          {1},
  year       =          {2010},
}

@book{lindholm:java_virtual_machine,
  author     =          {Lindholm, T. and Yellin, F.},
  title      =          {The Java Virtual Machine},
  publisher  =          {Addison-Wesley},
  edition    =          {1},
  year       =          {1996},
}

@book{gosling:The Java Language Specification,
  author     =          {Gosling, James and Joy, Bill and Steele, Guy},
  title      =          {The Java Language Specification},
  publisher  =          {Addison-Wesley},
  edition    =          {1},
  year       =          {1996},
}

@book{2001Cormen,
  author     =          {Cormen, Thomas A. and Leierson, Charles E. and Rivest, Ronald L.},
  title      =          {Introduction to Algorithms},
  publisher  =          {MIT Press},
  edition    =          {2},
  year       =          {2001},
}


%%%%%%%%%%%%%%%%%%%%%%%%%%%%%%%%%%%%%%%%%%%
% articles/ techreports / proceedings %
%%%%%%%%%%%%%%%%%%%%%%%%%%%%%%%%%%%%%%%%%%%
@article{1979Morel,
  author     =					{E. Morel and C. Renvoise},
  title      =					{Global optimization by suppression of partial redundancies},
  journal    =					{Commun. ACM},
  volume     =					{22},
  year       =					{1979},
  pages      =					{96--103},
}

@article{1996Volpano,
  author     =					{Volpano, Dennis and Irvine, Cynthia and Smith, Geoffrey},
  title      =					{A sound type system for secure flow analysis},
  journal    =					{J. Comput. Secur.},
  volume     =					{4},
  year       =					{1996},
  pages      =					{167--187},
}

@article{1987Horwitz,
  author     =          {Horwitz, Susan and Demers, Alan and Teitelbaum Tim},
  title      =          {An efficient general iterative algorithm for dataflow analysis},
  journal    =          {Acta Informatica},
  volume     =          {24},
  year       =          {1987},
  pages      =          {679--694},
}


@inproceedings{1992Richardson,
  author     =					{Richardson, Joel and Schwarz, Peter and Cabrera, Luis-Felip},
  title      =					{CACL: Efficient Fine-Grained Protection for Objects},
  pages      =					{154--165},
  booktitle  =					{Proceedings of the 1992 ACM Conference on Object-Oriented 
  Programming Systems, Languages, and Applications},
  year       =					{1992},
  month      =          {October},
  publisher  =          {ACM},
}

@inproceedings{1992Necula,
  author     =					{Necula, George C.},
  title      =					{Proof-carrying code},
  pages      =					{106--119},
  booktitle  =					{Proceedings of the ACM Symp. on Principles of Programming Languages},
  year       =					{1992},
  month      =          {August},
  publisher  =          {ACM},
}

@inproceedings{1991Lampson,
  author     =					{Lampson, Butler and Abadi, Martin and Burrows, Michale and Wobber, Edward},
  title      =					{Authentication in distributed systems: Theory and practice},
  pages      =					{165--182},
  booktitle  =					{Proc. 13th ACM Symp. on Operation System Principles},
  year       =					{1991},
  month      =          {October},
  publisher  =          {ACM},
}

@inproceedings{1991Jouvelot,
  author     =					{Jouvelot, Pierre and Gifford, David K.},
  title      =					{Algebraic reconstruction of types and effects},
  pages      =					{303--310},
  booktitle  =					{Proc. of the IEEE Symposium on Security and Privacy},
  year       =					{1991},
  month      =          {Januar},
  publisher  =          {IEEE},
}

@inproceedings{1991Foley,
  author     =					{Foley, Simon N.},
  title      =					{A taxonomy for information flow policies and models},
  pages      =					{98--108},
  booktitle  =					{Proc. of the IEEE Symposium on Security and Privacy},
  year       =					{1991},
  month      =          {},
  publisher  =          {IEEE},
}

@inproceedings{1991Andrews,
  author     =					{Andrews, Gregory R. and Reitman, Richard P.},
  title      =					{An axiomatic approach to information flow in programs},
  pages      =					{56--76},
  booktitle  =					{ACM Transaction on Programming Languages and Systems},
  year       =					{1980},
  month      =          {},
  publisher  =          {ACM},
}

@inproceedings{1997Wallach,
  author     =					{Wallach, Dan S. and Balfanz, Dirk and Felten, Edward W.},
  title      =					{Extensible security architecture for Java},
  pages      =					{116--128},
  booktitle  =					{Proc. 16 th ACM Symp. on Operation System Principles},
  year       =					{1997},
  month      =          {January},
  publisher  =          {ACM},
}

@inproceedings{1989Terry,
  author     =					{Terry, Phil and Wiseman, Simon},
  title      =					{A new security model},
  pages      =					{215--228},
  booktitle  =					{Proc. IEEE Symposium Security and Privacy},
  year       =					{1989},
  month      =          {},
  publisher  =          {IEEE},
}

@inproceedings{2007Moors,
  author     =					{Adriaan Moors and Frank Piessens and Martin Odersky},
  title      =					{Towards equal rights for higher-kinded types},
  pages      =					{},
  booktitle  =					{6th International Workshop on Multiparadigm Programming with Languages at the European Conference on Object-Oriented Programming},
  year       =					{2007},
  month      =          {},
  publisher  =          {},
}

@inproceedings{1998Smith,
  author     =					{Smith, Geoffrey and Volpano, Dennis},
  title      =					{Secure information flow in a multi-threaded imperative language},
  pages      =					{},
  booktitle  =					{Proc. 25th ACM symp. on Principles of Programming Languages},
  year       =					{1998},
  month      =          {January},
  publisher  =          {ACM},
}


@inproceedings{1981Stoughten,
  author     =					{Stoughten, Allen},
  title      =					{Access flow: A protection model which integrates access control and information flow},
  pages      =					{9--18},
  booktitle  =					{IEEE Symposium on Security and Privacy},
  year       =					{1981},
  month      =          {},
  publisher  =          {IEEE},
}

@inproceedings{1998Samarati,
  author     =          {Samarati, Pierangela and Sweeny, Latanya},
  title      =          {Generalizing data to provide anonymity when disclosing information},
  pages      =          {0--18},
  booktitle  =          {IEEE Symposium on Security and Privacy},
  year       =          {1998},
  month      =          {},
  publisher  =          {IEEE},
}

@inproceedings{1999Myers,
  author     =          {Myers, Andrew C.},
  title      =          {Practical mostly-static information flow control},
  pages      =          {},
  booktitle  =          {Proc. 26th ACM Symposium on Principles of Programming Languages},
  year       =          {1999},
  month      =          {},
  publisher  =          {ACM},
}

@inproceedings{1998Myers,
  author     =          {Myers, Andrew C. and Liskov, Barbara},
  title      =          {Complete, safe information flow with decentralized labels},
  pages      =          {},
  booktitle  =          {Proc. 17th ACM Symposium on Security and Privacy},
  year       =          {1998},
  month      =          {May},
  publisher  =          {ACM},
}

@inproceedings{1997Myers,
  author     =          {Myers, Andrew C. and Liskov, Barbara},
  title      =          {A decentralized model for information flow control},
  pages      =          {129--142},
  booktitle  =          {Proc. 17th ACM Symposium on Operating System Principles},
  year       =          {1997},
  month      =          {May},
  publisher  =          {ACM},
}

@inproceedings{1981Millen,
  author     =          {Millen, Jonathan K.},
  title      =          {Information flow analysis for formal specifications},
  pages      =          {3--8},
  booktitle  =          {Proc. IEEE Symposium on Security and Privacy},
  year       =          {1981},
  month      =          {April},
  publisher  =          {IEEE},
}

@inproceedings{1988McLean,
  author     =          {McLean},
  title      =          {Reasining about security models},
  pages      =          {123--131},
  booktitle  =          {Proc. IEEE Symposium on Security and Privacy},
  year       =          {1988},
  month      =          {},
  publisher  =          {IEEE},
}

@inproceedings{1990McLean,
  author     =          {McLean},
  title      =          {Security models and information flow},
  pages      =          {180--187},
  booktitle  =          {Proc. IEEE Symposium on Security and Privacy},
  year       =          {1990},
  month      =          {},
  publisher  =          {IEEE},
}

@inproceedings{1975Jones,
  author     =          {Jones, A. K. and Lipton, R.J.},
  title      =          {The enforcement of security policies for computation},
  pages      =          {197--206},
  booktitle  =          {Proc. 5th ACM Symp. on operating System Principles, ACM Operating System Review},
  year       =          {1975},
  month      =          {November},
  publisher  =          {ACM},
}

@inproceedings{1997Ferrari,
  author     =          {Ferarri, Elena and Samarati, Pierangela and Bertino, Elisa and Jajodia, Sushil},
  title      =          {Providing flexibility in information flow control for object-oriented systems},
  pages      =          {130--140},
  booktitle  =          {Proc. IEEE Symposium on Security and Privacy},
  year       =          {1997},
  month      =          {May},
  publisher  =          {IEEE},
}

@inproceedings{1991Foley,
  author     =          {Foley, Simon N.},
  title      =          {A taxonomy for information flow policies and models},
  pages      =          {98--108},
  booktitle  =          {Proc. IEEE Symposium on Security and Privacy},
  year       =          {1991},
  month      =          {},
  publisher  =          {IEEE},
}

@inproceedings{1980Andrews,
  author     =          {Andrews, Gregory R. and Reitman, Richard P.},
  title      =          {An axiomatic approach to information flow in programms},
  pages      =          {56--76},
  booktitle  =          {ACM Transactions on Programming Languages and Systems},
  year       =          {1980},
  month      =          {},
  publisher  =          {ACM},
}

@inproceedings{2001Zdancewic,
  author     =          {Zdancewic, Steve and Zheng, Lantian and Nytsrim, Nathaniel and Myers, Andrew C.},
  title      =          {Secure Programm Partitioning},
  pages      =          {283--328},
  booktitle  =          {ACM Transactions on Computing Systems},
  year       =          {2001},
  month      =          {October},
  publisher  =          {ACM},
}

@inproceedings{2003Sabelfeld,
  author     =          {Sabelfeld, Andrei and Myers, Andrew C.},
  title      =          {Language-Based Information-Flow Security},
  pages      =          {},
  booktitle  =          {IEEE Journal on Selected Areas in Communication},
  year       =          {2003},
  month      =          {January},
  publisher  =          {IEEE},
}

@inproceedings{2004Chen,
  author     =          {Chen, Hubie and Chong, Stephen},
  title      =          {Owned Policies for Information Security},
  pages      =          {},
  booktitle  =          {Proceedings of the 17th IEEE Computer Security Workshop},
  year       =          {2004},
  month      =          {June},
  publisher  =          {IEEE},
}

@inproceedings{2005Clarkson,
  author     =          {Clarkson, Stephen and Myers, Andrew C. and Schneider, Fred B.},
  title      =          {Bleif in Information Flow},
  pages      =          {31--45},
  booktitle  =          {Proceedings of the 18th IEEE Computer Security Foundations Workshop},
  year       =          {2005},
  month      =          {June},
  publisher  =          {IEEE},
}

@inproceedings{2007Zheng,
  author     =          {Zheng, Lantian and Myers, Andrew C.},
  title      =          {Dynamic Security Labels and Static Information Flow},
  pages      =          {2--3},
  booktitle  =          {International Journal of Information Security},
  year       =          {2007},
  month      =          {March},
  publisher  =          {Springer},
}


@techreport{1977Biba,
  author     =					{Biba, K. J.},
  title      =					{Integrity considerations for secure computer systems},
  institution=					{USAF Electronic System Division},
  year       =					{1977},
  month      =          {April},
}

@techreport{1994Kanamori,
  author     =          {Kanamori, Atsushi and Weise, Daniel},
  title      =          {Worklist management strategies for dataflow analysis},
  institution=          {Microsoft Research},
  year       =          {1994},
  month      =          {May},
}

@techreport{2008Moors,
  author     =          {Moors, Adriaan and Piessens, Frank and Odersky, Martin},
  title      =          {Safe Type-level Abstraction in Scala},
  institution=          {K.U. Leuven and EPFL},
  year       =          {2008},
  month      =          {January},
}

@techreport{2006Odersky,
  author     =          {Odersky, Martin and Altherr, Philippe and Cremet, Vincent and Dubochet, Dragos Gilles and Emir, Burak and McDirmid Sean and Micheloud, Stephane and Mihaylov, Nikolay and Schinz, Michel and Stenman, Erik and Spoon, Lex and Zenger, Matthias},
  title      =          {An Overview of the Scala Programming Language},
  institution=          {EPFL},
  year       =          {2006},
  month      =          {January},
}



%%%%%%%%%%%%%%%%%%%%%%%%%%%%%%%%%%%%%%%%%%%
% phd thesises %
%%%%%%%%%%%%%%%%%%%%%%%%%%%%%%%%%%%%%%%%%%%
@phdthesis{Myers2004_doktor,
  author     =					{Andrew C. Myers},
  title      =					{Mostly-Static Decentralized Information Flow Control},
  school     =					{Massachusetts Institute of Technology},
  year       =					{1999},
  month      =          {January}
}

@phdthesis{2006Altherr,
  author     =          {Altherr, Philippe},
  title      =          {A Typed Intermediate Language and Algorithms for Compiling Scala by Successive Rewritings},
  school     =          {EPFL},
  year       =          {2006},
  month      =          {March},
}


%%%%%%%%%%%%%%%%%%%%%%%%%%%%%%%%%%%%%%%%%%%
% miscellaneous %
%%%%%%%%%%%%%%%%%%%%%%%%%%%%%%%%%%%%%%%%%%%
@misc{2009Odersky,
  author     =          {Odersky, Martin},
  title      =          {The Scala Language Specification},
  school     =          {EPFL},
  year       =          {2009},
  month      =          {March},
}

@misc{Scala_by_Example,
  author     =          {Odersky, Martin},
  title      =          {Scala by example. Available form http://scala.epfl.ch},
  school     =          {EPFL},
  year       =          {2009},
  month      =          {March},
}

@misc{Scala_Tutorial,
  author     =          {Schinz, Michel and Hallerm Philipp},
  title      =          {A Scala Tutorial for Java programmers. Available form http://scala.epfl.ch},
  school     =          {EPFL},
  year       =          {2009},
  month      =          {March},
}
